@article{rheault2020word,
  title={Word embeddings for the analysis of ideological placement in parliamentary corpora},
  author={Rheault, Ludovic and Cochrane, Christopher},
  journal={Political Analysis},
  volume={28},
  number={1},
  pages={112--133},
  year={2020},
  publisher={Cambridge University Press}
}

@article{beelen2017digitization,
  title={Digitization of the Canadian parliamentary debates},
  author={Beelen, Kaspar and Thijm, Timothy Alberdingk and Cochrane, Christopher and Halvemaan, Kees and Hirst, Graeme and Kimmins, Michael and Lijbrink, Sander and Marx, Maarten and Naderi, Nona and Rheault, Ludovic and others},
  journal={Canadian Journal of Political Science/Revue canadienne de science politique},
  volume={50},
  number={3},
  pages={849--864},
  year={2017},
  publisher={Cambridge University Press}
}

@Manual{citemapdeck,
    title = {mapdeck: Interactive Maps Using 'Mapbox GL JS' and 'Deck.gl'},
    author = {David Cooley},
    year = {2020},
    note = {R package version 0.3.3},
    url = {https://CRAN.R-project.org/package=mapdeck},
  }

@Misc{citerstan,
    title = {{RStan}: the {R} interface to {Stan}},
    author = {{Stan Development Team}},
    note = {R package version 2.19.3},
    year = {2020},
    url = {http://mc-stan.org/},
  }

@Article{citebrms,
    title = {Advanced {Bayesian} Multilevel Modeling with the {R} Package {brms}},
    author = {Paul-Christian BÃ¼rkner},
    journal = {The R Journal},
    year = {2018},
    volume = {10},
    number = {1},
    pages = {395--411},
    doi = {10.32614/RJ-2018-017},
    encoding = {UTF-8},
  }

@article{morss2008,
  title={Communicating uncertainty in weather forecasts: A survey of the US public},
  author={Morss, Rebecca E and Demuth, Julie L and Lazo, Jeffrey K},
  journal={Weather and Forecasting},
  volume={23},
  pages = {974-991},
  year={2008}
}

@article{gigerenzer1995improve,
  title={How to improve Bayesian reasoning without instruction: frequency formats.},
  author={Gigerenzer, Gerd and Hoffrage, Ulrich},
  journal={Psychological review},
  volume={102},
  number={4},
  pages={684},
  year={1995},
  publisher={American Psychological Association}
}

@Manual{citeR,
    title = {R: A Language and Environment for Statistical Computing},
    author = {{R Core Team}},
    organization = {R Foundation for Statistical Computing},
    address = {Vienna, Austria},
    year = {2019},
    url = {https://www.R-project.org/},
}
  
  
@article{DownesCarlin,
  title={Multilevel regression and poststratification as a modeling approach for estimating population quantities in large population health studies: A simulation study},
  author={Downes, Marnie and Carlin, John B},
  journal={Biometrical Journal},
  volume={62},
  number={2},
  pages={479--491},
  year={2020},
  publisher={Wiley Online Library}
}

@misc{gao2019improving,
    title={Improving multilevel regression and poststratification with structured priors},
    author={Yuxiang Gao and Lauren Kennedy and Daniel Simpson and Andrew Gelman},
    year={2019},
    eprint={1908.06716},
    archivePrefix={arXiv},
    primaryClass={stat.ME}
}

@article{ornstein2020stacked,
  title={Stacked Regression and Poststratification},
  author={Ornstein, Joseph T},
  journal={Political Analysis},
  volume={28},
  number={2},
  pages={293--301},
  year={2020},
  publisher={Cambridge University Press}
}

@article{bisbee2019barp,
  title={BARP: Improving Mister P Using Bayesian Additive Regression Trees},
  author={Bisbee, James},
  journal={American Political Science Review},
  volume={113},
  number={4},
  pages={1060--1065},
  year={2019},
  publisher={Cambridge University Press}
}

@article{alexander2017flexible,
  title={A flexible Bayesian model for estimating subnational mortality},
  author={Alexander, Monica and Zagheni, Emilio and Barbieri, Magali},
  journal={Demography},
  volume={54},
  number={6},
  pages={2025--2041},
  year={2017},
  publisher={Springer}
}

@article{goplerud2018sparse,
  title={Sparse Multilevel Regression (and Poststratification (sMRP))},
  author={Goplerud, Max and Kuriwaki, Shiro and Ratkovic, Marc and Tingley, Dustin},
  journal={Unpublished manuscript, Harvard University},
  year={2018}
}

@article{hanretty2018comparing,
  title={Comparing strategies for estimating constituency opinion from national survey samples},
  author={Hanretty, Chris and Lauderdale, Benjamin E and Vivyan, Nick},
  journal={Political Science Research and Methods},
  volume={6},
  number={3},
  pages={571--591},
  year={2018},
  publisher={Cambridge University Press}
}

@article{brown1992class,
  title={Class-based n-gram models of natural language},
  author={Brown, Peter F and Della Pietra, Vincent J and Desouza, Peter V and Lai, Jennifer C and Mercer, Robert L},
  journal={Computational linguistics},
  volume={18},
  number={4},
  pages={467--480},
  year={1992}
}

@inproceedings{tong1996statistical,
  title={A statistical approach to automatic OCR error correction in context},
  author={Tong, Xiang and Evans, David A},
  booktitle={Fourth Workshop on Very Large Corpora},
  year={1996}
}

@article{qiu2020pre,
  title={Pre-trained models for natural language processing: A survey},
  author={Qiu, Xipeng and Sun, Tianxiang and Xu, Yige and Shao, Yunfan and Dai, Ning and Huang, Xuanjing},
  journal={arXiv preprint arXiv:2003.08271},
  year={2020}
}

@misc{radford2018improving,
  title={Improving language understanding by generative pre-training},
  author={Radford, Alec and Narasimhan, Karthik and Salimans, Tim and Sutskever, Ilya},
  year={2018}
}

@article{brown2020language,
  title={Language models are few-shot learners},
  author={Brown, Tom B and Mann, Benjamin and Ryder, Nick and Subbiah, Melanie and Kaplan, Jared and Dhariwal, Prafulla and Neelakantan, Arvind and Shyam, Pranav and Sastry, Girish and Askell, Amanda and others},
  journal={arXiv preprint arXiv:2005.14165},
  year={2020}
}

@article{alt2019fine,
  title={Fine-tuning pre-trained transformer language models to distantly supervised relation extraction},
  author={Alt, Christoph and H{\"u}bner, Marc and Hennig, Leonhard},
  journal={arXiv preprint arXiv:1906.08646},
  year={2019}
}

@article{bird2020lstm,
  title={LSTM and GPT-2 Synthetic Speech Transfer Learning for Speaker Recognition to Overcome Data Scarcity},
  author={Bird, Jordan J and Faria, Diego R and Ek{\'a}rt, Anik{\'o} and Premebida, Cristiano and Ayrosa, Pedro PS},
  journal={arXiv preprint arXiv:2007.00659},
  year={2020}
}

@article{hegde2020unsupervised,
  title={Unsupervised Paraphrase Generation using Pre-trained Language Models},
  author={Hegde, Chaitra and Patil, Shrikumar},
  journal={arXiv preprint arXiv:2006.05477},
  year={2020}
}

@inproceedings{vaswani2017attention,
  title={Attention is all you need},
  author={Vaswani, Ashish and Shazeer, Noam and Parmar, Niki and Uszkoreit, Jakob and Jones, Llion and Gomez, Aidan N and Kaiser, {\L}ukasz and Polosukhin, Illia},
  booktitle={Advances in neural information processing systems},
  pages={5998--6008},
  year={2017}
}

@article{radford2019language,
  title={Language models are unsupervised multitask learners},
  author={Radford, Alec and Wu, Jeffrey and Child, Rewon and Luan, David and Amodei, Dario and Sutskever, Ilya},
  journal={OpenAI Blog},
  volume={1},
  number={8},
  pages={9},
  year={2019}
}

@article{ziegler2019fine,
  title={Fine-tuning language models from human preferences},
  author={Ziegler, Daniel M and Stiennon, Nisan and Wu, Jeffrey and Brown, Tom B and Radford, Alec and Amodei, Dario and Christiano, Paul and Irving, Geoffrey},
  journal={arXiv preprint arXiv:1909.08593},
  year={2019}
}

@inproceedings{pennington2014glove,
  title={Glove: Global vectors for word representation},
  author={Pennington, Jeffrey and Socher, Richard and Manning, Christopher D},
  booktitle={Proceedings of the 2014 conference on empirical methods in natural language processing (EMNLP)},
  pages={1532--1543},
  year={2014}
}

@inproceedings{pennington2014glove,
  title={Glove: Global vectors for word representation},
  author={Pennington, Jeffrey and Socher, Richard and Manning, Christopher D},
  booktitle={Proceedings of the 2014 conference on empirical methods in natural language processing (EMNLP)},
  pages={1532--1543},
  year={2014}
}

@article{devlin2018bert,
  title={Bert: Pre-training of deep bidirectional transformers for language understanding},
  author={Devlin, Jacob and Chang, Ming-Wei and Lee, Kenton and Toutanova, Kristina},
  journal={arXiv preprint arXiv:1810.04805},
  year={2018}
}

@article{bengio2003neural,
  title={A neural probabilistic language model},
  author={Bengio, Yoshua and Ducharme, R{\'e}jean and Vincent, Pascal and Jauvin, Christian},
  journal={Journal of machine learning research},
  volume={3},
  number={Feb},
  pages={1137--1155},
  year={2003}
}

@article{rosenfeld2000two,
  title={Two decades of statistical language modeling: Where do we go from here?},
  author={Rosenfeld, Ronald},
  journal={Proceedings of the IEEE},
  volume={88},
  number={8},
  pages={1270--1278},
  year={2000},
  publisher={IEEE}
}

@article{mikolov2013efficient,
  title={Efficient estimation of word representations in vector space},
  author={Mikolov, Tomas and Chen, Kai and Corrado, Greg and Dean, Jeffrey},
  journal={arXiv preprint arXiv:1301.3781},
  year={2013}
}

@inproceedings{mikolov2013distributed,
  title={Distributed representations of words and phrases and their compositionality},
  author={Mikolov, Tomas and Sutskever, Ilya and Chen, Kai and Corrado, Greg S and Dean, Jeff},
  booktitle={Advances in neural information processing systems},
  pages={3111--3119},
  year={2013}
}